<?xml version="1.0" encoding="UTF-8"?><collection xmlns="http://www.loc.gov/MARC21/slim"><record><leader>00447nam--2200133-i-4500</leader><controlfield tag="001">000037157</controlfield><controlfield tag="002">20161230</controlfield><controlfield tag="005">20161230201041</controlfield><controlfield tag="008">060222s1000------------r-----000-0-eng-d</controlfield><datafield ind1=" " ind2=" " tag="080"><subfield code="a">537.525:523</subfield></datafield><datafield ind1=" " ind2=" " tag="245"><subfield code="a">Probleme des plasmas in physik und astronomie. taung der physikalischen gesellschaftin der ddr - 1956 leipzig</subfield></datafield><datafield ind1=" " ind2=" " tag="260"><subfield code="a">Berlin, Akademie Verlag, 1958, 223p.+ 10p.Pl</subfield></datafield><datafield ind1=" " ind2=" " tag="490"><subfield code="a">Tagungsberichte Der Physikalischen Ges.In Ddr</subfield></datafield><datafield ind1=" " ind2=" " tag="852"><subfield code="a">4928</subfield></datafield></record></collection>